@inproceedings{graphsaint-iclr20,
	title={{GraphSAINT}: Graph Sampling Based Inductive Learning Method},
	author={Hanqing Zeng and Hongkuan Zhou and Ajitesh Srivastava and Rajgopal Kannan and Viktor Prasanna},
	booktitle={International Conference on Learning Representations},
	year={2020},
	url={https://openreview.net/forum?id=BJe8pkHFwS}
}

@misc{hamilton2018inductive,
	title={Inductive Representation Learning on Large Graphs}, 
	author={William L. Hamilton and Rex Ying and Jure Leskovec},
	year={2018},
	eprint={1706.02216},
	archivePrefix={arXiv},
	primaryClass={cs.SI}
}

@misc{liu2021sampling,
	title={Sampling methods for efficient training of graph convolutional networks: A survey}, 
	author={Xin Liu and Mingyu Yan and Lei Deng and Guoqi Li and Xiaochun Ye and Dongrui Fan},
	year={2021},
	eprint={2103.05872},
	archivePrefix={arXiv},
	primaryClass={cs.LG}
}

@article{
	velickovic2018graph,
	title="{Graph Attention Networks}",
	author={Veli{\v{c}}kovi{\'{c}}, Petar and Cucurull, Guillem and Casanova, Arantxa and Romero, Adriana and Li{\`{o}}, Pietro and Bengio, Yoshua},
	journal={International Conference on Learning Representations},
	year={2018},
	url={https://openreview.net/forum?id=rJXMpikCZ},
	note={accepted as poster},
}

@article{2019,
	title={Cluster-GCN},
	url={http://dx.doi.org/10.1145/3292500.3330925},
	DOI={10.1145/3292500.3330925},
	journal={Proceedings of the 25th ACM SIGKDD International Conference on Knowledge Discovery & Data Mining},
	publisher={ACM},
	author={Chiang, Wei-Lin and Liu, Xuanqing and Si, Si and Li, Yang and Bengio, Samy and Hsieh, Cho-Jui},
	year={2019},
	month={Jul}
}


@misc{kipf2017semisupervised,
	title={Semi-Supervised Classification with Graph Convolutional Networks}, 
	author={Thomas N. Kipf and Max Welling},
	year={2017},
	eprint={1609.02907},
	archivePrefix={arXiv},
	primaryClass={cs.LG}
}


@inproceedings{Fey/Lenssen/2019,
	title={Fast Graph Representation Learning with {PyTorch Geometric}},
	author={Fey, Matthias and Lenssen, Jan E.},
	booktitle={ICLR Workshop on Representation Learning on Graphs and Manifolds},
	year={2019},
}


@Article{         harris2020array,
	title         = {Array programming with {NumPy}},
	author        = {Charles R. Harris and K. Jarrod Millman and St{\'{e}}fan J.
	van der Walt and Ralf Gommers and Pauli Virtanen and David
	Cournapeau and Eric Wieser and Julian Taylor and Sebastian
	Berg and Nathaniel J. Smith and Robert Kern and Matti Picus
	and Stephan Hoyer and Marten H. van Kerkwijk and Matthew
	Brett and Allan Haldane and Jaime Fern{\'{a}}ndez del
	R{\'{i}}o and Mark Wiebe and Pearu Peterson and Pierre
	G{\'{e}}rard-Marchant and Kevin Sheppard and Tyler Reddy and
	Warren Weckesser and Hameer Abbasi and Christoph Gohlke and
	Travis E. Oliphant},
	year          = {2020},
	month         = sep,
	journal       = {Nature},
	volume        = {585},
	number        = {7825},
	pages         = {357--362},
	doi           = {10.1038/s41586-020-2649-2},
	publisher     = {Springer Science and Business Media {LLC}},
	url           = {https://doi.org/10.1038/s41586-020-2649-2}
}

@incollection{NEURIPS2019_9015,
title = "PyTorch: An Imperative Style, High-Performance Deep Learning Library",
author = "Paszke, Adam and Gross, Sam and Massa, Francisco and Lerer, Adam and Bradbury, James and Chanan, Gregory and Killeen, Trevor and Lin, Zeming and Gimelshein, Natalia and Antiga, Luca and Desmaison, Alban and Kopf, Andreas and Yang, Edward and DeVito, Zachary and Raison, Martin and Tejani, Alykhan and Chilamkurthy, Sasank and Steiner, Benoit and Fang, Lu and Bai, Junjie and Chintala, Soumith",
booktitle = "Advances in Neural Information Processing Systems 32",
editor = "H. Wallach and H. Larochelle and A. Beygelzimer and F. d\textquotesingle Alch\'{e}-Buc and E. Fox and R. Garnett",
pages = "8024--8035",
year = "2019",
publisher = "Curran Associates, Inc.",
url = "http://papers.neurips.cc/paper/9015-pytorch-an-imperative-style-high-performance-deep-learning-library.pdf"
}

